%Articles
@article{exact_distributions_guhr,
	doi = {10.1088/1751-8121/abe3c8},
	url = {https://doi.org/10.1088/1751-8121/abe3c8},
	year = {2021},
	month = {mar},
	publisher = {{IOP} Publishing},
	volume = {54},
	number = {12},
	pages = {125002},
	author = {Thomas Guhr and Andreas Schell},
	title = {Exact multivariate amplitude distributions for non-stationary
           Gaussian or algebraic fluctuations of covariances or correlations},
	journal = {Journal of Physics A: Mathematical and Theoretical},
}

@article{portfolio_distributions_guhr,
  author = {Desislava Chetalova and Thilo A. Schmitt and Rudi Schäfer and
            Thomas Guhr},
  title = {Portfolio return distributions: Sample statistics with stochastic
           correlations},
  journal = {International Journal of Theoretical and Applied Finance},
  volume = {18},
  number = {02},
  pages = {1550012},
  year = {2015},
  doi = {10.1142/S0219024915500120},
  URL = {https://doi.org/10.1142/S0219024915500120 },
  eprint = {https://doi.org/10.1142/S0219024915500120}
}

@article{non_stationarity_fin_guhr,
	doi = {10.1209/0295-5075/103/58003},
	url = {https://doi.org/10.1209/0295-5075/103/58003},
	year = {2013},
	month = {sep},
	publisher = {{IOP} Publishing},
	volume = {103},
	number = {5},
	pages = {58003},
	author = {Thilo A. Schmitt and Desislava Chetalova and Rudi Schäfer and
            Thomas Guhr},
	title = {Non-stationarity in financial time series: Generic features and tail
           behavior},
	journal = {{EPL} (Europhysics Letters)},
}

@article{credit_risk_guhr,
	doi = {10.1209/0295-5075/105/38004},
	url = {https://doi.org/10.1209/0295-5075/105/38004},
	year = {2014},
	month = {feb},
	publisher = {{IOP} Publishing},
	volume = {105},
	number = {3},
	pages = {38004},
	author = {Thilo A. Schmitt and Desislava Chetalova and Rudi Schäfer and
            Thomas Guhr},
	title = {Credit risk and the instability of the financial system: An ensemble
           approach},
	journal = {{EPL} (Europhysics Letters)},
}

@article{univariate_non_stationarity_guhr,
  title = {Compounding approach for univariate time series with nonstationary
           variances},
  author = {Rudi Schäfer and Sonja Barkhofen and Thomas Guhr and Hans-Jürgen
            Stöckmann and Ulrich Kuhl},
  journal = {Phys. Rev. E},
  volume = {92},
  issue = {6},
  pages = {062901},
  numpages = {7},
  year = {2015},
  month = {Dec},
  publisher = {American Physical Society},
  doi = {10.1103/PhysRevE.92.062901},
  url = {https://link.aps.org/doi/10.1103/PhysRevE.92.062901}
}

@article{stochastic_cov_guhr,
	doi = {10.1088/1742-5468/2015/11/p11025},
	url = {https://doi.org/10.1088/1742-5468/2015/11/p11025},
	year = {2015},
	month = {nov},
	publisher = {{IOP} Publishing},
	volume = {2015},
	number = {11},
	pages = {P11025},
	author = {Frederik Meudt and Martin Theissen and Rudi Schäfer and Thomas
            Guhr},
	title = {Constructing analytically tractable ensembles of stochastic
           covariances with an application to financial data},
	journal = {Journal of Statistical Mechanics: Theory and Experiment},
}

@article{asset_correlations_guhr,
author = {Thilo Schmitt and Rudi Schäfer and Thomas Guhr},
title = {Credit Risk: Taking Fluctuating Asset Correlations into Account},
journal = {Journal of Credit Risk},
volume = {11},
number = {3},
url = {https://ssrn.com/abstract=2795524},
year = {2015}
}

@article{volatility_change,
author = {William G. Schwert},
title = {Why Does Stock Market Volatility Change Over Time?},
journal = {The Journal of Finance},
volume = {44},
number = {5},
pages = {1115-1153},
doi = {https://doi.org/10.1111/j.1540-6261.1989.tb02647.x},
}

@article{subtle_nature,
    author = {Bouchaud,Jean-Philippe},
    title = {The subtle nature of financial random walks},
    journal = {Chaos: An Interdisciplinary Journal of Nonlinear Science},
    volume = {15},
    number = {2},
    pages = {026104},
    year = {2005},
    doi = {10.1063/1.1889265},
    URL = {https://doi.org/10.1063/1.1889265},
    eprint = {https://doi.org/10.1063/1.1889265}
}

@article{empirical_facts,
    author = {Chakraborti, Anirban and Toke, Ioane and Patriarca, Marco and
              Abergel, Frédéric},
    year = {2009},
    month = {09},
    pages = {},
    title = {Econophysics: Empirical facts and agent-based models},
    journal = {arXiv.org, Quantitative Finance Papers}
}

@article{my_paper_response_financial,
  title = {Price response functions and spread impact in correlated financial
           markets},
  author = {Juan C. Henao-Londono and Sebastian M. Krause and Thomas Guhr},
  year = {2021},
  month = {04},
  day = {08},
  journal = {The European Physical Journal B},
  volume = {94},
  number = {4},
  doi = {10.1140/epjb/s10051-021-00077-z},
  url = {https://doi.org/10.1140/epjb/s10051-021-00077-z},
  issn = {1434-6036},
}

@article{comp_sys_1,
  title = {Recurrence Time Statistics for Chaotic Systems and Their
           Applications},
  author = {Gao, J. B.},
  journal = {Phys. Rev. Lett.},
  volume = {83},
  issue = {16},
  pages = {3178--3181},
  numpages = {0},
  year = {1999},
  month = {Oct},
  publisher = {American Physical Society},
  doi = {10.1103/PhysRevLett.83.3178},
  url = {https://link.aps.org/doi/10.1103/PhysRevLett.83.3178}
}

@article{comp_sys_2,
  title = {Coping with Nonstationarity by Overembedding},
  author = {Rainer Hegger and Holger Kantz and Lorenzo Matassini and Thomas
            Schreiber},
  journal = {Phys. Rev. Lett.},
  volume = {84},
  issue = {18},
  pages = {4092--4095},
  numpages = {0},
  year = {2000},
  month = {May},
  publisher = {American Physical Society},
  doi = {10.1103/PhysRevLett.84.4092},
  url = {https://link.aps.org/doi/10.1103/PhysRevLett.84.4092}
}

@article{comp_sys_3,
  title = {Scale Invariance in the Nonstationarity of Human Heart Rate},
  author = {Pedro Bernaola-Galv\'an and Plamen Ch. Ivanov and
            Lu\'{\i}s A. Nunes Amaral and H. Eugene Stanley},
  journal = {Phys. Rev. Lett.},
  volume = {87},
  issue = {16},
  pages = {168105},
  numpages = {4},
  year = {2001},
  month = {Oct},
  publisher = {American Physical Society},
  doi = {10.1103/PhysRevLett.87.168105},
  url = {https://link.aps.org/doi/10.1103/PhysRevLett.87.168105}
}

@article{comp_sys_4,
  title = {Measuring Nonstationarity by Analyzing the Loss of Recurrence in
           Dynamical Systems},
  author = {Christoph Rieke and Karsten Sternickel and Ralph G. Andrzejak and
            Christian E. Elger and Peter David and Klaus Lehnertz},
  journal = {Phys. Rev. Lett.},
  volume = {88},
  issue = {24},
  pages = {244102},
  numpages = {4},
  year = {2002},
  month = {May},
  publisher = {American Physical Society},
  doi = {10.1103/PhysRevLett.88.244102},
  url = {https://link.aps.org/doi/10.1103/PhysRevLett.88.244102}
}

@article{non_stat_1,
	doi = {10.1088/0305-4470/37/19/003},
	url = {https://doi.org/10.1088/0305-4470/37/19/003},
	year = {2004},
	month = {apr},
	publisher = {{IOP} Publishing},
	volume = {37},
	number = {19},
	pages = {5135--5155},
	author = {R K P Zia and Per Arne Rikvold},
	title = {Fluctuations and correlations in an individual-based model of
           biological coevolution},
	journal = {Journal of Physics A: Mathematical and General},
}

@article{non_stat_2,
	doi = {10.1088/0305-4470/39/24/l04},
	url = {https://doi.org/10.1088/0305-4470/39/24/l04},
	year = {2006},
	month = {may},
	publisher = {{IOP} Publishing},
	volume = {39},
	number = {24},
	pages = {L407--L413},
	author = {R K P Zia and B Schmittmann},
	title = {A possible classification of nonequilibrium steady states},
	journal = {Journal of Physics A: Mathematical and General},
}


%==============================================================================
%Books
@book{latexcompanion,
    author    = "Michel Goossens and Frank Mittelbach and Alexander Samarin",
    title     = "The \LaTeX\ Companion",
    year      = "1993",
    publisher = "Addison-Wesley",
    address   = "Reading, Massachusetts"
}

%==============================================================================
%Doesn't fit in any other type
@misc{r_walks_liquidity,
    title={Random walks, liquidity molasses and critical response in financial
           markets},
    author={J. P. Bouchaud and J. Kockelkoren and M. Potters},
    year={2004},
    eprint={cond-mat/0406224},
    archivePrefix={arXiv},
    primaryClass={cond-mat.other}
}